@misc{PythonSpeed,
  title = {{PythonSpeed/PerformancesTips}},
  howpublished = "\url{http://wiki.python.org/moin/PythonSpeed/PerformanceTips}", 
  note = "[Online; accessed 06-November-2012]"
}
@misc{PypySpeed,
  title = {{Pypy's speed center}},
  howpublished = "\url{http://speed.pypy.org/}", 
  note = "[Online; accessed 20-November-2012]"
}
@misc{PypyDiff,
  title = {{Differences between PyPy and CPython}},
  howpublished = "\url{http://pypy.readthedocs.org/en/latest/cpython_differences.html}", 
  note = "[Online; accessed 20-November-2012]"
}
@InProceedings{PythranRenpar,
author = {Serge GUELTON},
title = {Pythran : Génération automatique de modules natifs
parallèles pour Python avec annotations OpenMP},
booktitle = {ComPAS2013},
year = {2013}
}