@inproceedings{boost.simd2012,
  author    = {Pierre Esterie and
               Mathias Gaunard and
               Joel Falcou and
               Jean-Thierry Laprest{\'e} and
               Brigitte Rozoy},
  title     = {Boost.SIMD: generic programming for portable SIMDization},
  booktitle = {PACT},
  year      = 2012,
  pages     = {431--432},
}

